% Encoding: UTF-8

@Misc{WikipediaDolphin,
	author = {Wikipedia, the free encyclopedia},
	title = {Polygon mesh},
	month = {2007},
	note = {[Online; zuletzt besucht am 04.12.2019]},
	url = {https://commons.wikimedia.org/wiki/File:Dolphin_triangle_mesh.png#/media/File:Dolphin_triangle_mesh.png }
}
