% Encoding: UTF-8
@Online{Unity,
	title = {Unity. Public Relations},
	journal = {https://unity3d.com/public-relations},
	url = {https://web.archive.org/web/20200114191426/https://unity3d.com/public-relations},
	note = {[Zuletzt besucht: 15.01.2020]}
}
@article{NYTimes2016,
	author = {Nick Wingfield},
	title = {Unity Technologies, Maker of Pok√©mon Go Engine, Swells in Value},
	journal = {The New York Times},
	year = {2016},
	month = {July},
	note = {[Zuletzt besucht am: 15.01.2020]},
	annote = {Online: https://www.nytimes.com/2016/07/14/technology/unity-technologies-maker-of-pokemon-go-engine-swells-in-value.html},
}
@book{Shirley2010,
	author = {Peter Shirley und Steve Marschner},
	title = {Fundamentals of Computer Graphics},
	chapter = {12 Data Structures for Graphics},
	publisher = {CRC Press},
	year = {2010},
	edition = {Third Edition},
}
@incollection{Castello07,
	author = {Castello, P. and Sbert, Mateu and Chover, Miguel and Feixas, Miquel},
	booktitle = {WSCG '2007: Full Papers Proceedings},
	year = {2007},
	month = {01},
	pages = {249 - 256},
	title = {Viewpoint entropy-driven simplification}
}

@Online{Meshmash2017,
	author = {Will Pearson, Daniel Piker, David Stasiuk},
	title = {Plankton},
	year = {2017},
	publisher = {GitHub},
	journal = {GitHub repository},
	url = {https://github.com/meshmash/Plankton},
	commit = {77166b0},
	note = {[Online; zuletzt besucht am 13.12.2019]}
}

@Online{WikipediaDolphin1,
	author = {Wikipedia, the free encyclopedia},
	title = {Polygon mesh},
	year = {2007},
	note = {[Online; zuletzt besucht am 04.12.2019]},
	url = {https://commons.wikimedia.org/wiki/File:Dolphin_triangle_mesh.png/media/File:Dolphin_triangle_mesh.png }
}

@Online{HalfEdgedMeshRepository,
	author = {Dittmar, Yannick},
	title = {HalfEdgedMesh},
	year = {2023},
	note = {[Online; zuletzt besucht am 16.05.2023]},
	url = {https://github.com/Thot38/HalfEdgedMesh}
}